% Encoding: windows-1252

@Book{roy04,
  Title                    = {Concepts, Techniques and Models of Computer Programming},
  Author                   = {Peter Van Roy and Seif Haridi},
  Publisher                = {The MIT Press},
  Year                     = {2004},
  Address                  = {Cambridge},
  Owner                    = {Prof. Ausberto S. Castro V.},
  Timestamp                = {21.04.2013}
}

@Book{Sebesta2018,
  title     = {Conceitos de Linguagens de Programa{\c{c}}{\~a}o},
  publisher = {Bookman},
  year      = {2018},
  author    = {Robert W. Sebesta},
  address   = {Porto Alegre},
  edition   = {11},
  isbn      = {9780133943023},
  owner     = {Prof. Ausberto S. Castro V.},
  timestamp = {21.04.2013},
}

@Book{Sprankle2012,
  Title                    = {Problem solving and programming concepts},
  Author                   = {Maureen Sprankle and Jim Hubbard},
  Publisher                = {Pearson Education, Inc.},
  Year                     = {2012},
  Edition                  = {9},
  Owner                    = {Prof. Ausberto S. Castro V.},
  Timestamp                = {13.03.2016}
}

@Book{wat90,
  Title                    = {Programming Language Concepts and Paradigms},
  Author                   = {David Anthony Watt},
  Publisher                = {Prentice Hall International},
  Year                     = {1990},
  Address                  = {London},
  Owner                    = {Prof. Ausberto S. Castro V.},
  Timestamp                = {21.04.2013}
}

@Book{Cotton2013,
  title     = {Learning R},
  publisher = {O'Reilly},
  year      = {2013},
  author    = {Cotton, Richard},
  address   = {Beijing Sebastopol, CA},
  isbn      = {978-1449357108},
  owner     = {Prof. Ausberto S. Castro Vera - UENF},
  timestamp = {29-11-2018},
}

@Book{Kabacoff2015,
  title     = {R in action : data analysis and graphics with R},
  publisher = {Manning},
  year      = {2015},
  author    = {Kabacoff, Robert},
  address   = {Shelter Island},
  isbn      = {978-1617291388},
  owner     = {Prof. Ausberto S. Castro Vera - UENF},
  timestamp = {29-11-2018},
}

@Book{Lander2014,
  address   = {{Upper Saddle River, New Jersey}},
  author    = {Jared P. Lander},
  edition   = {1},
  isbn      = {978-0321888037},
  publisher = {Addison-Wesley},
  subtitle  = {Advanced Analytics and Graphics},
  title     = {R for Everyone},
  year      = {2014},
  owner     = {Prof. Ausberto S. Castro Vera - UENF},
  timestamp = {29-11-2018},
}

@Book{Wickham2016,
  address   = {Sebastopol, CA},
  author    = {Hadley Wickham and Garrett Grolemund},
  edition   = {1},
  isbn      = {978-1491910399},
  publisher = {O'Reilly Media},
  subtitle  = {{Import, Tidy, Transform, Visualize,and Model Data}},
  title     = {R for data science},
  year      = {2016},
  owner     = {Prof. Ausberto S. Castro Vera - UENF},
  timestamp = {29-11-2018},
}

@Book{Lander2017,
  address      = {New York, NY},
  author       = {Lander, Jared},
  edition      = {2},
  isbn         = {013454692X},
  publisher    = {Pearson Education (US)},
  subtitle     = {Advanced Analytics and Graphics},
  title        = {R for Everyone},
  year         = {2017},
  month        = jun,
  series       = {Addison-Wesley Data and Analytics Series},
  creationdate = {2021-08-06T10:44:34},
  ean          = {9780134546926},
  owner        = {Prof. Ausberto S. Castro Vera - UENF},
  pagetotal    = {560},
  url          = {https://www.ebook.de/de/product/26130648/jared_lander_r_for_everyone.html},
}

@Book{Chang2019,
  address      = {{Sebastopol, CA}},
  author       = {Chang, Winston},
  edition      = {2},
  isbn         = {1491978600},
  publisher    = {O'Reilly UK Ltd.},
  subtitle     = {{Practical Recipes for Visualizing Data}},
  title        = {R Graphics Cookbook},
  year         = {2019},
  month        = feb,
  creationdate = {2021-08-06T10:49:29},
  ean          = {9781491978603},
  owner        = {Prof. Ausberto S. Castro Vera - UENF},
  url          = {https://www.ebook.de/de/product/30246309/winston_chang_r_graphics_cookbook.html},
}

@Comment{jabref-meta: databaseType:bibtex;}
